{
  "updated": "2026-04-11T21:46:07.256088+00:00",
  "total_value": 0.0,
  "pnl": 0,
  "wallet_balance": 0.0,
  "invested": 0,
  "wins": 0,
  "losses": 0,
  "total_trades": 28,
  "open_positions": [],
  "resolved": [],
  "recent_trades": [
    {
      "time": "2026-04-11T21:46:07.123372+00:00",
      "side": "YES",
      "question": "Dogecoin Up or Down - April 11, 8:05PM-8:10PM ET",
      "url": "https://polymarket.com/market/doge-updown-5m-1775952300",
      "price": 0.5,
      "size": 15.0
    },
    {
      "time": "2026-04-11T21:46:06.849409+00:00",
      "side": "YES",
      "question": "Will St. Louis City SC win on 2026-04-11?",
      "url": "https://polymarket.com/market/mls-dal-stl-2026-04-11-stl",
      "price": 0.28,
      "size": 11.81
    },
    {
      "time": "2026-04-11T21:46:06.613016+00:00",
      "side": "YES",
      "question": "Will St. Louis City SC win on 2026-04-11?",
      "url": "https://polymarket.com/market/mls-dal-stl-2026-04-11-stl",
      "price": 0.28,
      "size": 18.75
    },
    {
      "time": "2026-04-11T21:46:06.109711+00:00",
      "side": "YES",
      "question": "Will FC Dallas win on 2026-04-11?",
      "url": "https://polymarket.com/market/mls-dal-stl-2026-04-11-dal",
      "price": 0.47,
      "size": 12.26
    },
    {
      "time": "2026-04-11T21:46:05.254364+00:00",
      "side": "YES",
      "question": "Will San Jose Earthquakes win on 2026-04-11?",
      "url": "https://polymarket.com/market/mls-skc-sje-2026-04-11-sje",
      "price": 0.56,
      "size": 15.91
    },
    {
      "time": "2026-04-11T21:46:04.776956+00:00",
      "side": "YES",
      "question": "Will San Jose Earthquakes win on 2026-04-11?",
      "url": "https://polymarket.com/market/mls-skc-sje-2026-04-11-sje",
      "price": 0.56,
      "size": 15.91
    },
    {
      "time": "2026-04-11T21:45:59.791433+00:00",
      "side": "YES",
      "question": "Will Chicago Fire FC vs. Atlanta United FC end in a draw?",
      "url": "https://polymarket.com/market/mls-chi-atl-2026-04-11-draw",
      "price": 0.21,
      "size": 20.0
    },
    {
      "time": "2026-04-11T21:45:57.492431+00:00",
      "side": "YES",
      "question": "Will Chicago Fire FC vs. Atlanta United FC end in a draw?",
      "url": "https://polymarket.com/market/mls-chi-atl-2026-04-11-draw",
      "price": 0.21,
      "size": 20.0
    },
    {
      "time": "2026-04-11T21:45:56.848637+00:00",
      "side": "YES",
      "question": "Will Chicago Fire FC vs. Atlanta United FC end in a draw?",
      "url": "https://polymarket.com/market/mls-chi-atl-2026-04-11-draw",
      "price": 0.21,
      "size": 20.0
    },
    {
      "time": "2026-04-11T21:45:56.532541+00:00",
      "side": "YES",
      "question": "Will Chicago Fire FC vs. Atlanta United FC end in a draw?",
      "url": "https://polymarket.com/market/mls-chi-atl-2026-04-11-draw",
      "price": 0.21,
      "size": 20.0
    },
    {
      "time": "2026-04-11T21:45:56.330882+00:00",
      "side": "YES",
      "question": "Will Chicago Fire FC vs. Atlanta United FC end in a draw?",
      "url": "https://polymarket.com/market/mls-chi-atl-2026-04-11-draw",
      "price": 0.21,
      "size": 20.0
    },
    {
      "time": "2026-04-11T21:45:55.852260+00:00",
      "side": "YES",
      "question": "Will Chicago Fire FC vs. Atlanta United FC end in a draw?",
      "url": "https://polymarket.com/market/mls-chi-atl-2026-04-11-draw",
      "price": 0.21,
      "size": 20.0
    },
    {
      "time": "2026-04-11T21:45:55.578283+00:00",
      "side": "YES",
      "question": "Will Chicago Fire FC vs. Atlanta United FC end in a draw?",
      "url": "https://polymarket.com/market/mls-chi-atl-2026-04-11-draw",
      "price": 0.21,
      "size": 20.0
    },
    {
      "time": "2026-04-11T21:45:55.242130+00:00",
      "side": "YES",
      "question": "Will Chicago Fire FC vs. Atlanta United FC end in a draw?",
      "url": "https://polymarket.com/market/mls-chi-atl-2026-04-11-draw",
      "price": 0.21,
      "size": 20.0
    },
    {
      "time": "2026-04-11T21:45:55.057907+00:00",
      "side": "YES",
      "question": "Will Chicago Fire FC vs. Atlanta United FC end in a draw?",
      "url": "https://polymarket.com/market/mls-chi-atl-2026-04-11-draw",
      "price": 0.21,
      "size": 20.0
    },
    {
      "time": "2026-04-11T21:45:54.799021+00:00",
      "side": "YES",
      "question": "Will Chicago Fire FC vs. Atlanta United FC end in a draw?",
      "url": "https://polymarket.com/market/mls-chi-atl-2026-04-11-draw",
      "price": 0.21,
      "size": 20.0
    },
    {
      "time": "2026-04-11T21:45:54.613972+00:00",
      "side": "YES",
      "question": "Will Chicago Fire FC vs. Atlanta United FC end in a draw?",
      "url": "https://polymarket.com/market/mls-chi-atl-2026-04-11-draw",
      "price": 0.21,
      "size": 20.0
    },
    {
      "time": "2026-04-11T21:45:54.105184+00:00",
      "side": "YES",
      "question": "XRP Up or Down - April 11, 8:30PM-8:35PM ET",
      "url": "https://polymarket.com/market/xrp-updown-5m-1775953800",
      "price": 0.5,
      "size": 15.0
    },
    {
      "time": "2026-04-11T21:45:53.884356+00:00",
      "side": "YES",
      "question": "Ethereum Up or Down - April 11, 8:35PM-8:40PM ET",
      "url": "https://polymarket.com/market/eth-updown-5m-1775954100",
      "price": 0.51,
      "size": 13.27
    },
    {
      "time": "2026-04-11T21:45:53.715808+00:00",
      "side": "YES",
      "question": "Ethereum Up or Down - April 11, 8:30PM-8:45PM ET",
      "url": "https://polymarket.com/market/eth-updown-15m-1775953800",
      "price": 0.5,
      "size": 18.0
    },
    {
      "time": "2026-04-11T21:45:53.556206+00:00",
      "side": "YES",
      "question": "Hyperliquid Up or Down - April 11, 8:35PM-8:40PM ET",
      "url": "https://polymarket.com/market/hype-updown-5m-1775954100",
      "price": 0.5,
      "size": 13.0
    },
    {
      "time": "2026-04-11T21:45:52.494210+00:00",
      "side": "YES",
      "question": "Dogecoin Up or Down - April 11, 8:30PM-8:45PM ET",
      "url": "https://polymarket.com/market/doge-updown-15m-1775953800",
      "price": 0.5,
      "size": 15.0
    },
    {
      "time": "2026-04-11T21:45:52.052958+00:00",
      "side": "YES",
      "question": "Dogecoin Up or Down - April 11, 8:35PM-8:40PM ET",
      "url": "https://polymarket.com/market/doge-updown-5m-1775954100",
      "price": 0.5,
      "size": 14.0
    },
    {
      "time": "2026-04-11T21:45:51.715651+00:00",
      "side": "YES",
      "question": "XRP Up or Down - April 11, 8:30PM-8:45PM ET",
      "url": "https://polymarket.com/market/xrp-updown-15m-1775953800",
      "price": 0.5,
      "size": 11.0
    },
    {
      "time": "2026-04-11T21:45:51.529266+00:00",
      "side": "YES",
      "question": "Solana Up or Down - April 11, 8:40PM-8:45PM ET",
      "url": "https://polymarket.com/market/sol-updown-5m-1775954400",
      "price": 0.5,
      "size": 12.0
    },
    {
      "time": "2026-04-11T21:45:51.195578+00:00",
      "side": "YES",
      "question": "Ethereum Up or Down - April 11, 8PM ET",
      "url": "https://polymarket.com/market/ethereum-up-or-down-april-11-2026-8pm-et",
      "price": 0.5,
      "size": 15.0
    },
    {
      "time": "2026-04-11T21:45:50.947942+00:00",
      "side": "YES",
      "question": "Solana Up or Down - April 11, 8PM ET",
      "url": "https://polymarket.com/market/solana-up-or-down-april-11-2026-8pm-et",
      "price": 0.5,
      "size": 15.0
    },
    {
      "time": "2026-04-11T21:45:50.626681+00:00",
      "side": "YES",
      "question": "XRP Up or Down - April 11, 8PM ET",
      "url": "https://polymarket.com/market/xrp-up-or-down-april-11-2026-8pm-et",
      "price": 0.49,
      "size": 13.73
    }
  ]
}